%YAML 1.1
%TAG !u! tag:unity3d.com,2011:
--- !u!1 &2307440885436744062
GameObject:
  m_ObjectHideFlags: 0
  m_CorrespondingSourceObject: {fileID: 0}
  m_PrefabInstance: {fileID: 0}
  m_PrefabAsset: {fileID: 0}
  serializedVersion: 6
  m_Component:
  - component: {fileID: 2784029054042607272}
  - component: {fileID: 5700365987841812929}
  m_Layer: 0
  m_Name: collider
  m_TagString: Untagged
  m_Icon: {fileID: 0}
  m_NavMeshLayer: 0
  m_StaticEditorFlags: 0
  m_IsActive: 1
--- !u!4 &2784029054042607272
Transform:
  m_ObjectHideFlags: 0
  m_CorrespondingSourceObject: {fileID: 0}
  m_PrefabInstance: {fileID: 0}
  m_PrefabAsset: {fileID: 0}
  m_GameObject: {fileID: 2307440885436744062}
  m_LocalRotation: {x: 0.7071068, y: 0, z: 0, w: 0.7071068}
  m_LocalPosition: {x: 0, y: -2, z: -0}
  m_LocalScale: {x: 1, y: 1, z: 1}
  m_Children: []
  m_Father: {fileID: 8471276536861394674}
  m_RootOrder: 1
  m_LocalEulerAnglesHint: {x: 90, y: 0, z: 0}
--- !u!64 &5700365987841812929
MeshCollider:
  m_ObjectHideFlags: 0
  m_CorrespondingSourceObject: {fileID: 0}
  m_PrefabInstance: {fileID: 0}
  m_PrefabAsset: {fileID: 0}
  m_GameObject: {fileID: 2307440885436744062}
  m_Material: {fileID: 0}
  m_IsTrigger: 0
  m_Enabled: 1
  serializedVersion: 4
  m_Convex: 0
  m_CookingOptions: 30
  m_Mesh: {fileID: -2422174884664267979, guid: 0400d7f06b5b45dd9bb970d6f1654101, type: 3}
--- !u!1 &8661881961295188890
GameObject:
  m_ObjectHideFlags: 0
  m_CorrespondingSourceObject: {fileID: 0}
  m_PrefabInstance: {fileID: 0}
  m_PrefabAsset: {fileID: 0}
  serializedVersion: 6
  m_Component:
  - component: {fileID: 8471276536861394674}
  m_Layer: 0
  m_Name: island_03
  m_TagString: Untagged
  m_Icon: {fileID: 0}
  m_NavMeshLayer: 0
  m_StaticEditorFlags: 0
  m_IsActive: 1
--- !u!4 &8471276536861394674
Transform:
  m_ObjectHideFlags: 0
  m_CorrespondingSourceObject: {fileID: 0}
  m_PrefabInstance: {fileID: 0}
  m_PrefabAsset: {fileID: 0}
  m_GameObject: {fileID: 8661881961295188890}
  m_LocalRotation: {x: 0, y: 0, z: 0, w: 1}
  m_LocalPosition: {x: 0, y: 0, z: 0}
  m_LocalScale: {x: 1, y: 1, z: 1}
  m_Children:
  - {fileID: 750987361497686895}
  - {fileID: 2784029054042607272}
  m_Father: {fileID: 0}
  m_RootOrder: 0
  m_LocalEulerAnglesHint: {x: 0, y: 0, z: 0}
--- !u!1001 &1001684211681051780
PrefabInstance:
  m_ObjectHideFlags: 0
  serializedVersion: 2
  m_Modification:
    m_TransformParent: {fileID: 8471276536861394674}
    m_Modifications:
    - target: {fileID: -8679921383154817045, guid: 0400d7f06b5b45dd9bb970d6f1654101,
        type: 3}
      propertyPath: m_LocalPosition.x
      value: 0
      objectReference: {fileID: 0}
    - target: {fileID: -8679921383154817045, guid: 0400d7f06b5b45dd9bb970d6f1654101,
        type: 3}
      propertyPath: m_LocalPosition.y
      value: 0
      objectReference: {fileID: 0}
    - target: {fileID: -8679921383154817045, guid: 0400d7f06b5b45dd9bb970d6f1654101,
        type: 3}
      propertyPath: m_LocalPosition.z
      value: 0
      objectReference: {fileID: 0}
    - target: {fileID: -8679921383154817045, guid: 0400d7f06b5b45dd9bb970d6f1654101,
        type: 3}
      propertyPath: m_LocalRotation.x
      value: 0
      objectReference: {fileID: 0}
    - target: {fileID: -8679921383154817045, guid: 0400d7f06b5b45dd9bb970d6f1654101,
        type: 3}
      propertyPath: m_LocalRotation.y
      value: 0
      objectReference: {fileID: 0}
    - target: {fileID: -8679921383154817045, guid: 0400d7f06b5b45dd9bb970d6f1654101,
        type: 3}
      propertyPath: m_LocalRotation.z
      value: 0
      objectReference: {fileID: 0}
    - target: {fileID: -8679921383154817045, guid: 0400d7f06b5b45dd9bb970d6f1654101,
        type: 3}
      propertyPath: m_LocalRotation.w
      value: 1
      objectReference: {fileID: 0}
    - target: {fileID: -8679921383154817045, guid: 0400d7f06b5b45dd9bb970d6f1654101,
        type: 3}
      propertyPath: m_RootOrder
      value: 0
      objectReference: {fileID: 0}
    - target: {fileID: -8679921383154817045, guid: 0400d7f06b5b45dd9bb970d6f1654101,
        type: 3}
      propertyPath: m_LocalEulerAnglesHint.x
      value: 0
      objectReference: {fileID: 0}
    - target: {fileID: -8679921383154817045, guid: 0400d7f06b5b45dd9bb970d6f1654101,
        type: 3}
      propertyPath: m_LocalEulerAnglesHint.y
      value: 0
      objectReference: {fileID: 0}
    - target: {fileID: -8679921383154817045, guid: 0400d7f06b5b45dd9bb970d6f1654101,
        type: 3}
      propertyPath: m_LocalEulerAnglesHint.z
      value: 0
      objectReference: {fileID: 0}
    - target: {fileID: -5764007924653807653, guid: 0400d7f06b5b45dd9bb970d6f1654101,
        type: 3}
      propertyPath: m_IsActive
      value: 0
      objectReference: {fileID: 0}
    - target: {fileID: 919132149155446097, guid: 0400d7f06b5b45dd9bb970d6f1654101,
        type: 3}
      propertyPath: m_Name
      value: island_03
      objectReference: {fileID: 0}
    - target: {fileID: 3923887219638325604, guid: 0400d7f06b5b45dd9bb970d6f1654101,
        type: 3}
      propertyPath: m_LocalRotation.x
      value: -0.7071068
      objectReference: {fileID: 0}
    - target: {fileID: 3923887219638325604, guid: 0400d7f06b5b45dd9bb970d6f1654101,
        type: 3}
      propertyPath: m_LocalRotation.y
      value: -0.00000013240823
      objectReference: {fileID: 0}
    - target: {fileID: 3923887219638325604, guid: 0400d7f06b5b45dd9bb970d6f1654101,
        type: 3}
      propertyPath: m_LocalRotation.z
      value: 0.00000013240823
      objectReference: {fileID: 0}
    - target: {fileID: 3923887219638325604, guid: 0400d7f06b5b45dd9bb970d6f1654101,
        type: 3}
      propertyPath: m_LocalRotation.w
      value: -0.7071068
      objectReference: {fileID: 0}
    - target: {fileID: 3923887219638325604, guid: 0400d7f06b5b45dd9bb970d6f1654101,
        type: 3}
      propertyPath: m_LocalEulerAnglesHint.z
      value: -0.000015258789
      objectReference: {fileID: 0}
    - target: {fileID: 3923887219638325604, guid: 0400d7f06b5b45dd9bb970d6f1654101,
        type: 3}
      propertyPath: m_LocalEulerAnglesHint.x
      value: -270
      objectReference: {fileID: 0}
    m_RemovedComponents: []
  m_SourcePrefab: {fileID: 100100000, guid: 0400d7f06b5b45dd9bb970d6f1654101, type: 3}
--- !u!4 &750987361497686895 stripped
Transform:
  m_CorrespondingSourceObject: {fileID: -8679921383154817045, guid: 0400d7f06b5b45dd9bb970d6f1654101,
    type: 3}
  m_PrefabInstance: {fileID: 1001684211681051780}
  m_PrefabAsset: {fileID: 0}
