%YAML 1.1
%TAG !u! tag:unity3d.com,2011:
--- !u!1 &6524210713752528739
GameObject:
  m_ObjectHideFlags: 0
  m_CorrespondingSourceObject: {fileID: 0}
  m_PrefabInstance: {fileID: 0}
  m_PrefabAsset: {fileID: 0}
  serializedVersion: 6
  m_Component:
  - component: {fileID: 6527299262952518853}
  - component: {fileID: 4660545849405805113}
  m_Layer: 0
  m_Name: collider
  m_TagString: Untagged
  m_Icon: {fileID: 0}
  m_NavMeshLayer: 0
  m_StaticEditorFlags: 0
  m_IsActive: 1
--- !u!4 &6527299262952518853
Transform:
  m_ObjectHideFlags: 0
  m_CorrespondingSourceObject: {fileID: 0}
  m_PrefabInstance: {fileID: 0}
  m_PrefabAsset: {fileID: 0}
  m_GameObject: {fileID: 6524210713752528739}
  m_LocalRotation: {x: -0, y: -0, z: -0, w: 1}
  m_LocalPosition: {x: 0, y: 0, z: 0}
  m_LocalScale: {x: 1, y: 1, z: 1}
  m_Children: []
  m_Father: {fileID: 1657514089970218851}
  m_RootOrder: 1
  m_LocalEulerAnglesHint: {x: 0, y: 0, z: 0}
--- !u!65 &4660545849405805113
BoxCollider:
  m_ObjectHideFlags: 0
  m_CorrespondingSourceObject: {fileID: 0}
  m_PrefabInstance: {fileID: 0}
  m_PrefabAsset: {fileID: 0}
  m_GameObject: {fileID: 6524210713752528739}
  m_Material: {fileID: 0}
  m_IsTrigger: 0
  m_Enabled: 1
  serializedVersion: 2
  m_Size: {x: 18.4, y: 5, z: 18.4}
  m_Center: {x: 0, y: -2.5, z: 0}
--- !u!1 &8964809683691030320
GameObject:
  m_ObjectHideFlags: 0
  m_CorrespondingSourceObject: {fileID: 0}
  m_PrefabInstance: {fileID: 0}
  m_PrefabAsset: {fileID: 0}
  serializedVersion: 6
  m_Component:
  - component: {fileID: 1657514089970218851}
  m_Layer: 0
  m_Name: island_05
  m_TagString: Untagged
  m_Icon: {fileID: 0}
  m_NavMeshLayer: 0
  m_StaticEditorFlags: 0
  m_IsActive: 1
--- !u!4 &1657514089970218851
Transform:
  m_ObjectHideFlags: 0
  m_CorrespondingSourceObject: {fileID: 0}
  m_PrefabInstance: {fileID: 0}
  m_PrefabAsset: {fileID: 0}
  m_GameObject: {fileID: 8964809683691030320}
  m_LocalRotation: {x: 0, y: 0, z: 0, w: 1}
  m_LocalPosition: {x: 0, y: 0, z: 0}
  m_LocalScale: {x: 1, y: 1, z: 1}
  m_Children:
  - {fileID: 4130909753182991905}
  - {fileID: 6527299262952518853}
  m_Father: {fileID: 0}
  m_RootOrder: 0
  m_LocalEulerAnglesHint: {x: 0, y: 0, z: 0}
--- !u!1001 &4528732220320797130
PrefabInstance:
  m_ObjectHideFlags: 0
  serializedVersion: 2
  m_Modification:
    m_TransformParent: {fileID: 1657514089970218851}
    m_Modifications:
    - target: {fileID: -8679921383154817045, guid: abbc4a6baf86f1fb7927fc0d46e94c17,
        type: 3}
      propertyPath: m_LocalPosition.x
      value: 0
      objectReference: {fileID: 0}
    - target: {fileID: -8679921383154817045, guid: abbc4a6baf86f1fb7927fc0d46e94c17,
        type: 3}
      propertyPath: m_LocalPosition.y
      value: 0
      objectReference: {fileID: 0}
    - target: {fileID: -8679921383154817045, guid: abbc4a6baf86f1fb7927fc0d46e94c17,
        type: 3}
      propertyPath: m_LocalPosition.z
      value: 0
      objectReference: {fileID: 0}
    - target: {fileID: -8679921383154817045, guid: abbc4a6baf86f1fb7927fc0d46e94c17,
        type: 3}
      propertyPath: m_LocalRotation.x
      value: 0.6532815
      objectReference: {fileID: 0}
    - target: {fileID: -8679921383154817045, guid: abbc4a6baf86f1fb7927fc0d46e94c17,
        type: 3}
      propertyPath: m_LocalRotation.y
      value: -0.27059805
      objectReference: {fileID: 0}
    - target: {fileID: -8679921383154817045, guid: abbc4a6baf86f1fb7927fc0d46e94c17,
        type: 3}
      propertyPath: m_LocalRotation.z
      value: 0.27059805
      objectReference: {fileID: 0}
    - target: {fileID: -8679921383154817045, guid: abbc4a6baf86f1fb7927fc0d46e94c17,
        type: 3}
      propertyPath: m_LocalRotation.w
      value: 0.6532815
      objectReference: {fileID: 0}
    - target: {fileID: -8679921383154817045, guid: abbc4a6baf86f1fb7927fc0d46e94c17,
        type: 3}
      propertyPath: m_RootOrder
      value: 0
      objectReference: {fileID: 0}
    - target: {fileID: -8679921383154817045, guid: abbc4a6baf86f1fb7927fc0d46e94c17,
        type: 3}
      propertyPath: m_LocalEulerAnglesHint.x
      value: 0
      objectReference: {fileID: 0}
    - target: {fileID: -8679921383154817045, guid: abbc4a6baf86f1fb7927fc0d46e94c17,
        type: 3}
      propertyPath: m_LocalEulerAnglesHint.y
      value: 0
      objectReference: {fileID: 0}
    - target: {fileID: -8679921383154817045, guid: abbc4a6baf86f1fb7927fc0d46e94c17,
        type: 3}
      propertyPath: m_LocalEulerAnglesHint.z
      value: 0
      objectReference: {fileID: 0}
    - target: {fileID: 919132149155446097, guid: abbc4a6baf86f1fb7927fc0d46e94c17,
        type: 3}
      propertyPath: m_Name
      value: island_05
      objectReference: {fileID: 0}
    m_RemovedComponents: []
  m_SourcePrefab: {fileID: 100100000, guid: abbc4a6baf86f1fb7927fc0d46e94c17, type: 3}
--- !u!4 &4130909753182991905 stripped
Transform:
  m_CorrespondingSourceObject: {fileID: -8679921383154817045, guid: abbc4a6baf86f1fb7927fc0d46e94c17,
    type: 3}
  m_PrefabInstance: {fileID: 4528732220320797130}
  m_PrefabAsset: {fileID: 0}
